5617 6425
864 841 897 937 4
1102 919 1107 926 .
1251 813 1286 968 ,f
1432 853 1758 900 m

866 1053 959 1133 rami
986 1048 1146 1130 surculos
1167 1041 1358 1138 inserviat,
1398 1045 1549 1126 naribus
1571 1048 1734 1126 ramnio's
1758 1051 1900 1130 nasales
1928 1049 2058 1152 primi,
2096 1063 2209 1134 etex
2233 1057 2290 1134 vi·

867 1169 977 1244 diano
1009 1163 1156 1242 secundi
1181 1165 1353 1269 nervnios
1383 1162 1587 1260 impertiat,
1615 1164 1706 1250 auri
1731 1165 1920 1248 surculum¹
1938 1191 1986 1243 ex
2014 1168 2180 1256 vidiano‚
2216 1171 2286 1244 iin-

869 1303 963 1377 guae
989 1299 1078 1354 vero
1103 1283 1280 1381 magoppi
1306 1275 1509 1382 linguosam
1541 1300 1595 1350 ex·
1610 1276 1720 1352 tertio
1738 1298 1845 1386 'ramo
1861 1278 2065 1355 exhibeat?
2120 1281 2175 1358 Ut
2193 1304 2282 1356 vero
2361 1298 2367 1312 ¹

867 1393 991 1471 nullus
1007 1391 1085 1468 sere
1100 1389 1207 1466 saciei
1223 1387 1405 1464 musculus
1425 1385 1554 1475 existit,
1575 1389 1869 1486 quinon'exuno
1885 1390 2074 1486 alteroque
2089 1395 2205 1488 quinti
2219 1415 2283 1492 pa·

806 1501 808 1504 ’
868 1507 919 1581 ris
948 1504 1089 1578 ramulo
1116 1502 1308 1578 nervosum
1333 1501 1507 1601 accipiat,
1551 1500 1601 1576 sic
1630 1501 1796 1577 universa
1821 1500 1929 1579 saniei
1958 1501 2052 1580 cutis
2081 1503 2285 1580 incredibili

869 1617 1015 1694 filorum
1038 1615 1271 1691 sentientium
1303 1610 1469 1691 numero
1491 1613 1532 1689 in
1562 1614 1712 1710 fronte,
1750 1615 1884 1710 genis,
1920 1613 2044 1689 buccis
2072 1626 2113 1689 et
2137 1629 2285 1700 mento,

873 1752 958 1806 cum
975 1754 1020 1804 ex
1042 1729 1169 1824 quinto
1188 1749 1285 1826 pare,
1316 1739 1396 1802 tum
1416 1750 1462 1802 ex
1478 1726 1570 1830 duro
1589 1727 1884 1826 provenientium
1902 1738 2141 1824 perreptatur.
2207 1728 2292 1804 Hae

872 1843 997 1938 itaque
1015 1861 1209 1916 nervorum
1235 1840 1455 1937 propagines
1481 1863 1528 1914 ex
1555 1827 1744 1935 quinto'„et
1766 1836 1857 1912 duro
1877 1837 2000 1923 fimus,
2032 1838 2152 1934 quoad
2177 1840 2293 1914 maxi·

872 1974 972 2030 mam
995 1964 1136 2050 partem
1161 1951 1484 2044 exprimendorum
1509 1949 1623 2022 animi
1646 1944 1841 2024 affestuum
1869 1950 1952 2026 snnt
1973 1951 2185 2048 participes,
2226 1951 2295 2024 ho·

670 2095 676 2106 ·
734 2077 746 2086 “
871 2087 956 2141 rum
979 2065 1018 2137 in
1037 2059 1257 2159 explicanda
1273 2059 1468 2133 hominum
1485 2057 1761 2155 phyfiognomia
1780 2085 1855 2136 non
1880 2061 2076 2138 mediocris
2096 2061 2168 2138 esse
2184 2060 2296 2138 debet

874 2173 1057 2258 influxus,
1097 2171 1162 2248 nisr
1185 2172 1307 2248 dicere
1329 2170 1524 2267 imperinm
1552 2172 1738 2248 malueris.
1811 2174 1881 2248 His
1906 2175 2033 2264 procui
2058 2177 2160 2251 omni
2181 2174 2294 2250 dubio
2425 2189 2429 2196 '

874 2288 1118 2383 ingenuorum
1145 2283 1337 2362 hominum
1359 2283 1473 2358 facies
1499 2281 1655 2376 regitur,
1691 2281 1754 2375 qui
1777 2277 1900 2354 fronte
1922 2280 2047 2358 serena
2077 2298 2116 2356 et
2138 2285 2294 2359 candido

873 2399 1036 2500 pastore,
1063 2407 1165 2492 grata
1183 2408 1222 2472 et
1243 2397 1358 2474 amica
1377 2395 1490 2470 animi
1513 2391 1612 2470 seosa
1627 2389 1733 2464 hilari
1751 2392 1855 2466 voitu
1874 2393 2092 2490 exprimunt.
2152 2387 2297 2470 Horum

873 2511 999 2606 itaque
1014 2509 1145 2587 asiioni
1163 2531 1215 2579 ex
1232 2525 1315 2578 mea
1333 2503 1483 2600 quidem
1497 2494 1673 2584 sententia
1695 2503 1815 2600 magis
1831 2500 1946 2579 sidere
1964 2499 2158 2610 possumne,
2183 2527 2296 2603 qnam

875 2619 1023 2700 lubricis
1059 2615 1282 2717 repercussae
1315 2614 1488 2712 imaginis
1516 2613 1674 2700 umbris,
1718 2637 1973 2718 necunquam
2006 2638 2075 2692 nos
2106 2617 2296 2716 poenitere

875 2733 988 2810 debet
1010 2733 1156 2808 illorum
1188 2730 1423 2806 nervulorum
1449 2726 1629 2802 asiionem
1658 2723 1872 2823 observasse,
1895 2727 1936 2810 ,s1
1964 2753 2011 2804 ex
2035 2729 2297 2826 elegantissrmo

855 2844 1176 2946 'physiognomiae
1196 2841 1332 2931 studio,
1369 2839 1473 2918 solidi
1488 2840 1689 2939 quidquam
1704 2854 1743 2918 et
1757 2842 1884 2940 generi
1905 2842 2071 2919 humano
2091 2842 2297 2943 proficuum

876 2959 1011 3036 eiicere
1027 2957 1226 3034 studemus.
1654 3042 1656 3047 Ι

988 3290 1127 3371 Verum
1159 3288 1259 3365 enirn
1284 3308 1391 3372 vero,
1429 3295 1514 3361 utut
1542 3285 1717 3361 mirabilis
1742 3286 1860 3384 quinti
1885 3286 1982 3385 paris
2006 3310 2072 3387 per
2095 3274 2296 3384 durisimos

876 3404 1000 3485 osiium
1017 3403 1164 3481 canales
1191 3414 1230 3478 et
1253 3398 1643 3491 anstasiusoeopriin,
1673 3400 1744 3485 iter
1766 3411 1805 3483 er
1818 3397 2018 3481 distribniio
2034 3389 2194 3478 eamden]
2214 3400 2295 3488 tari

875 3528 1090 3621 praeparatu
1119 3538 1232 3616 quam
1254 3512 1442 3591 inteliesiu
1463 3512 1546 3587 satis
1570 3510 1757 3589 difficilem
1787 3524 1826 3589 et
1849 3512 2029 3591 curiosum
2061 3512 2205 3600 reddin
2245 3512 2294 3591 fic

876 3628 1047 3716 infinitae
1072 3628 1240 3728 eipsdem
1257 3626 1361 3711 nervi
1377 3647 1464 3709 cnm
1478 3626 1562 3705 eins
1575 3624 1893 3719 complicationes,
1921 3628 2173 3704 &batam
2188 3624 2296 3703 et'di·

876 3737 1057 3843 'gnitatem
1088 3744 1201 3823 talem
1232 3741 1370 3827 augent
1394 3728 1434 3805 in
1459 3728 1631 3815 modum,
1669 3748 1714 3806 ut
1735 3751 1822 3819 eum
1855 3737 1930 3817 nisr·
1947 3741 2297 3828 primariumztotior

848 3853 1046 3951 eorporis·
1064 3840 1238 3949 nervum,
1286 3843 1413 3921 saltem
1442 3842 1678 3939 praecipuum
1706 3841 1836 3939 eapitis
1864 3844 2049 3941 appelkrre‘
2078 3841 2293 3927 n'ebea'mun

874 3963 967 4055 Quis
993 3964 1077 4039 sane
1101 3980 1270 4036 enarrare
1289 3976 1452 4053 unquam
1478 3952 1613 4052 pot'erit
1634 3956 1846 4045 innumerae
1867 3956 2185 4055 inconstantesque
2202 3956 2296 4037 'rami

875 4068 1041 4165 irontalia
1066 4098 1113 4149 ex
1138 4060 1260 4171 ¹primo
1283 4092 1368 4145 cum
1387 4056 1639 4165 occipitalibus
1665 4078 1704 4143 et
1726 4067 1985 4143 auricularibus
2007 4069 2044 4144 in
2072 4084 2157 4145 ente
2180 4074 2296 4149 cranii

877 4179 1173 4289 nonjuniiionee
1203 4196 1240 4259 et
1260 4206 1344 4285 curn
1368 4180 1448 4257 duri
1466 4180 1576 4258 variis
1598 4180 1749 4257 snrouiis
1773 4179 2044 4259 anastomosesi
2078 4186 2173 4270 Quis
2191 4186 2296 4282 igno-
2351 4256 2355 4265 ,

877 4285 958 4381 rnre
983 4298 1095 4377 vellet
1114 4299 1195 4375 lnce
1215 4298 1386 4395 clariores
1408 4294 1505 4374 inter
1529 4292 1815 4394 infraornitelern
1835 4288 1873 4367 er
1897 4292 2156 4371 phoroneum
2174 4298 2295 4380 miae

878 4399 964 4512 'oum
986 4409 1071 4493 duri
1090 4412 1201 4491 ramis
1224 4407 1465 4517 apponentis
1497 4418 1539 4487 et
1560 4406 1749 4498 &nasibus
1776 4406 2155 4505 communicationes
2206 4410 2296 4493 Qus

2206 4544 2295 4599 nam
