5617 6425
903 903 964 974 22
1217 891 1221 899 '
1466 890 1757 950 *aa

790 1183 792 1193 ,
905 1074 969 1192 ribi
987 1106 1121 1210 pariter
1129 1106 1227 1183 hano
1241 1101 1386 1178 firmam
1396 1097 1596 1198 planorum
1605 1097 1719 1178 durae
1732 1097 1918 1200 meningis
1931 1097 2188 1186 adhaeiinnem
2202 1105 2323 1188 anim-

907 1223 1060 1316 adverti
1118 1217 1284 1300 Sollicite
1298 1214 1442 1312 semper
1450 1209 1580 1286 duram
1597 1212 1814 1336 meningem
1821 1216 2030 1315 expandere
2045 1231 2157 1320 noque
2167 1222 2357 1302 tendere

908 1336 1046 1420 curavi,
1071 1329 1295 1430 inspiciendo
1312 1324 1550 1408 lentevitrea,
1571 1320 1792 1424 eujnsiocus
1801 1339 1879 1400 etot
1898 1327 2032 1424 {poli
2061 1334 2327 1438 nullibiantem

909 1447 1020 1550 fibras
1045 1464 1203 1522 nerveaa
1224 1441 1354 1548 duram
1378 1447 1537 1514 matrem
1568 1417 1857 1532 ingredientes
1846 1439 2017 1514 invenire
2036 1447 2158 1538 potui,
2191 1469 2328 1544 omae

910 1543 1087 1638 ¹seriennn
1103 1556 1322 1651 interrupta,
1347 1563 1424 1630 tam
1441 1550 1482 1624 in
1500 1569 1602 1624 ramo
1622 1548 1799 1633 seeundo,
1829 1570 1939 1650 qnam
1954 1553 2148 1651 praecipue
2164 1559 2203 1635 in
2221 1580 2329 1634 ramo

871 1667 875 1680 '
910 1671 1067 1766 tertio,
1063 1668 1111 1746 ad
1126 1666 1294 1748 foramen
1311 1675 1349 1740 et
1364 1661 1531 1738 canalem
1548 1661 1678 1738 suum
1667 1685 1707 1738 ιιι
1729 1660 1818 1740 dura
1834 1662 1993 1740 matres.
2012 1665 2222 1760 vaginnlam
2243 1690 2326 1768 pro-

908 1793 1052 1884 perant,
1117 1779 1213 1858 iilud
1229 1799 1374 1876 quoque
1399 1771 1582 1872 lingulare
1600 1773 1690 1850 mihi
1709 1773 1822 1850 visum
1836 1772 1907 1862 est,
1942 1796 2005 1855 me
2024 1776 2184 1858 nullibi
2173 1803 2213 1859 ιιι
2245 1790 2327 1857 toto

909 1905 1043 1972 trunco
1057 1893 1162 1971 nervi
1177 1889 1295 1986 quinti
1313 1887 1422 1988 paris,
1439 1883 1485 1965 ab
1500 1885 1682 1988 ingreffn‘
1672 1911 1712 1964 ιιι
1726 1887 1894 1966 foramen
1912 1887 2016 1968 sunm
2031 1889 2135 1987 supra
2148 1893 2329 1994 angulum

913 2002 994 2080 nisis
1010 1997 1176 2102 pettrofi,
1206 1997 1319 2093 usqne
1340 1995 1387 2070 ad
1403 1997 1626 2092 progressum
1647 1998 1759 2074 trium
1777 2022 1962 2077 ramorum
1980 2001 2021 2076 in
2040 2000 2112 2076 suis
2128 2003 2326 2089 canalibus,

907 2116 1025 2192 uliam
1043 2111 1291 2208 asperitatem,
1321 2117 1386 2182 ant
1404 2104 1629 2182 exiiiffimam
1650 2109 1967 2206 inaequalitatem,
1997 2113 2116 2210 qualia
2138 2126 2266 2191 tamen
2281 2136 2330 2189 ex

912 2225 1083 2324 disruptis
1107 2220 1287 2297 fibrillniis
1310 2218 1396 2294 oriri
1414 2217 1520 2303 soler,
1560 2243 1610 2294 ne
1629 2221 1863 2318 microsoopio
1885 2225 2035 2316 quidem
2049 2226 2329 2320 deprehendere
2405 2263 2409 2270 ·

911 2335 1084 2438 potniffe:
1114 2334 1239 2436 omnip
1256 2331 1352 2414 levin
1368 2331 1483 2432 polita
1497 2329 1665 2416 ruerunt,
1694 2324 1795 2411 nulia
1812 2331 1981 2408 fibriiiula
2006 2333 2126 2410 lacera
2141 2338 2328 2433 apparuit:

897 2435 978 2539 'nbi
1004 2469 1093 2524 vern
1106 2446 1215 2550 plana
1233 2445 1308 2521 dun
1332 2467 1357 2524 a
1380 2444 1417 2521 ie
1440 2442 1599 2520 invicem
1623 2444 1785 2543 separata
1808 2442 1913 2526 sunt.
1945 2441 1998 2520 ibi
2014 2443 2216 2528 notabilem
2228 2448 2333 2528 nudo

913 2560 1025 2659 epulo
1046 2555 1329 2658 asperimdioenr
1341 2554 1476 2652 'videre
1488 2567 1670 2671 proferam.

1507 2757 1545 2874 ι.
1603 2769 1737 2850 xxm.

1029 2915 1130 2994 Dum
1143 2933 1244 2990 nnnc
1261 2931 1403 2988 ramum
1421 2907 1569 2984 tertium
1586 2909 1729 2988 seorsim
1750 2913 1788 2989 in
1813 2911 1915 2989 sunm
1933 2915 2101 2996 canalem
2124 2919 2330 3020 prosequor.

916 3027 1060 3106 diffena
1076 3027 1137 3102 illa
1148 3044 1283 3124 magna
1296 3023 1427 3098 lacinia
1442 3021 1682 3100 sencolumna
1698 3026 1812 3101 durae
1823 3027 1960 3112 matris,
1991 3053 2085 3127 quae
2101 3054 2245 3110 ramum
2259 3048 2333 3110 rer·

915 3141 1009 3221 tium
1026 3139 1148 3219 versus
1162 3152 1327 3233 organon
1344 3136 1490 3212 auditus
1504 3136 1735 3224 terminabat,
1762 3140 1968 3217 incidebam
1981 3141 2022 3217 in
2037 3140 2180 3231 locum,
2211 3145 2274 3236 nbi
2287 3144 2333 3221 fi-

915 3252 1143 3344 lamentum„
1171 3238 1286 3325 neren
1300 3249 1499 3325 admodum
1515 3246 1649 3336 imile,
1687 3252 1796 3351 piano
1812 3253 1925 3327 durae
1948 3258 2133 3354 meningia
2149 3280 2235 3332 enm
2258 3260 2334 3336 alio

825 3434 830 3444 .
915 3362 1040 3443 exiliis
1044 3386 1105 3439 mo
1123 3360 1263 3437 surculo
1287 3360 1553 3446 adhaerebant·
1600 3363 1862 3465 separationem
1881 3390 1956 3440 non
1972 3368 2126 3446 ulterius
2140 3373 2333 3451 continue·

915 3476 1022 3566 bam,
1053 3492 1091 3554 et
1106 3469 1200 3553 circa
1217 3472 1289 3549 h'os
1303 3469 1396 3551 dnos
1409 3474 1600 3551 fasciculos
1616 3476 1803 3573 sequentia
1826 3480 2012 3558 annotavi.

1036 3634 1647 3745 1)Nudoncn10·m00nnrestum
1667 3644 1873 3711 venientia
1898 3646 2012 3715 intere
2036 3649 2219 3723 exteriore
2241 3650 2335 3728 rami

850 3830 855 3841 ,
915 3752 1016 3830 remi
1033 3754 1316 3832 verinsanrem,
1347 3739 1549 3817 admodum
1563 3740 1791 3833 innteiciniss
1819 3759 1860 3880 er
1874 3748 1996 3829 minor
2010 3751 2173 3833 surculus
2187 3757 2335 3839 videtur

913 3867 1078 3942 ramulus
1096 3857 1249 3953 majoris
1268 3854 1428 3939 fasciculi
1447 3851 1532 3931 ede.

1033 4019 1081 4128 a)
1110 4024 1243 4103 Colore
1267 4022 1488 4110 rubicundo.
1533 4044 1606 4121 qno
1626 4032 1730 4101 totns
1745 4046 1881 4104 nervon
1897 4028 2049 4121 tinibus,
2091 4033 2140 4111 ab
2162 4040 2335 4123 omnibus

917 4142 1069 4240 reliquis
1091 4136 1233 4215 fibrinis
1254 4138 1367 4214 durae
1382 4136 1568 4231 meningia
1585 4136 1881 4233 distinguebatur

1037 4294 1081 4405 3)
1117 4304 1261 4404 rplinfi
1252 4326 1289 4379 ιιι
1299 4304 1409 4403 plano
1424 4302 1607 4379 anteriore
1620 4306 1936 4403 progrediebamre
1972 4268 2122 4393 anneto
2133 4314 2336 4419 monne»

834 4404 837 4407 ’
918 4421 1072 4521 ningem
1086 4416 1330 4515 ingrediatur.
1357 4415 1708 4497 mnodeterminare
1721 4440 1798 4497 nnn
1812 4433 1990 4521 poteram

2282 4569 2338 4677 4)
